[gd_scene load_steps=7 format=2]

[sub_resource type="QuadMesh" id=1]

[sub_resource type="SpatialMaterial" id=2]
albedo_color = Color( 0.266667, 0.239216, 0.207843, 1 )

[sub_resource type="CubeMesh" id=3]
size = Vector3( 1, 0.025, 0.025 )

[sub_resource type="SpatialMaterial" id=4]
albedo_color = Color( 0.396078, 0.388235, 0.372549, 1 )

[sub_resource type="CubeMesh" id=5]
size = Vector3( 0.1, 0.035, 0.9 )

[sub_resource type="SpatialMaterial" id=6]
albedo_color = Color( 0.490196, 0.337255, 0.105882, 1 )

[node name="Track" type="StaticBody"]
transform = Transform( 2, 0, 0, 0, 2, 0, 0, 0, 2, 0, 0, 0 )

[node name="MeshInstance" type="MeshInstance" parent="."]
transform = Transform( 1, 0, 0, 0, -4.37114e-08, 1, 0, -1, -4.37114e-08, 0.249871, 0, 0.250235 )
mesh = SubResource( 1 )
material/0 = SubResource( 2 )

[node name="TrackLeft" type="MeshInstance" parent="."]
transform = Transform( 1, 0, 0, 0, 1, 0, 0, 0, 1, 0.249871, 0.04, 0.550235 )
mesh = SubResource( 3 )
material/0 = SubResource( 4 )

[node name="TrackRight" type="MeshInstance" parent="."]
transform = Transform( 1, 0, 0, 0, 1, 0, 0, 0, 1, 0.249871, 0.04, -0.0497648 )
mesh = SubResource( 3 )
material/0 = SubResource( 4 )

[node name="RailroadTie" type="MeshInstance" parent="."]
transform = Transform( 1, 0, 0, 0, 1, 0, 0, 0, 1, -0.150129, 0.011, 0.250235 )
mesh = SubResource( 5 )
material/0 = SubResource( 6 )

[node name="RailroadTie2" type="MeshInstance" parent="."]
transform = Transform( 1, 0, 0, 0, 1, 0, 0, 0, 1, 0.0498712, 0.011, 0.250235 )
mesh = SubResource( 5 )
material/0 = SubResource( 6 )

[node name="RailroadTie3" type="MeshInstance" parent="."]
transform = Transform( 1, 0, 0, 0, 1, 0, 0, 0, 1, 0.249871, 0.011, 0.250235 )
mesh = SubResource( 5 )
material/0 = SubResource( 6 )

[node name="RailroadTie4" type="MeshInstance" parent="."]
transform = Transform( 1, 0, 0, 0, 1, 0, 0, 0, 1, 0.449871, 0.011, 0.250235 )
mesh = SubResource( 5 )
material/0 = SubResource( 6 )

[node name="RailroadTie5" type="MeshInstance" parent="."]
transform = Transform( 1, 0, 0, 0, 1, 0, 0, 0, 1, 0.649871, 0.011, 0.250235 )
mesh = SubResource( 5 )
material/0 = SubResource( 6 )
