[gd_scene load_steps=12 format=2]

[ext_resource path="res://components/truck/truck.gd" type="Script" id=1]
[ext_resource path="res://components/marker/marker.tscn" type="PackedScene" id=2]
[ext_resource path="res://components/models/truck/truck.tscn" type="PackedScene" id=3]
[ext_resource path="res://components/models/truck/door.tscn" type="PackedScene" id=4]
[ext_resource path="res://components/error/error.tscn" type="PackedScene" id=5]

[sub_resource type="BoxShape" id=6]
extents = Vector3( 0.5, 1, 1 )

[sub_resource type="Animation" id=12]
resource_name = "Depart"
length = 4.0
tracks/0/type = "bezier"
tracks/0/path = NodePath("truck:translation:x")
tracks/0/interp = 1
tracks/0/loop_wrap = true
tracks/0/imported = false
tracks/0/enabled = true
tracks/0/keys = {
"points": PoolRealArray( -2.35, -0.25, 0, 0.25, 0, -2.35, -0.25, 0, 1, 0, -21.5, -0.8, 12, 0.25, 0 ),
"times": PoolRealArray( 0, 1, 4 )
}
tracks/1/type = "bezier"
tracks/1/path = NodePath("door:translation:x")
tracks/1/interp = 1
tracks/1/loop_wrap = true
tracks/1/imported = false
tracks/1/enabled = true
tracks/1/keys = {
"points": PoolRealArray( 0.65, -0.25, 0, 0.25, 0, 0.2, -0.25, 0, 1, 0, -18.95, -0.8, 12, 0.25, 0 ),
"times": PoolRealArray( 0, 1, 4 )
}
tracks/2/type = "bezier"
tracks/2/path = NodePath("door:translation:y")
tracks/2/interp = 1
tracks/2/loop_wrap = true
tracks/2/imported = false
tracks/2/enabled = true
tracks/2/keys = {
"points": PoolRealArray( 1.8251, -0.25, 0, 0.5, -0.576543, -0.046, -0.8, 0.560779, 0.25, 0, -0.046, -0.25, 0, 0.25, 0 ),
"times": PoolRealArray( 0, 1, 4 )
}
tracks/3/type = "bezier"
tracks/3/path = NodePath("door:rotation_degrees:z")
tracks/3/interp = 1
tracks/3/loop_wrap = true
tracks/3/imported = false
tracks/3/enabled = true
tracks/3/keys = {
"points": PoolRealArray( -90, -0.25, 0, 0.25, 0, 0, -0.25, 0, 0.25, 0, 0, -0.25, 0, 0.25, 0 ),
"times": PoolRealArray( 0, 1, 4 )
}
tracks/4/type = "bezier"
tracks/4/path = NodePath("truck:scale:x")
tracks/4/interp = 1
tracks/4/loop_wrap = true
tracks/4/imported = false
tracks/4/enabled = true
tracks/4/keys = {
"points": PoolRealArray( 0.5, -0.25, 0, 0.25, 0, 0, -0.25, 0, 0.25, 0 ),
"times": PoolRealArray( 3, 4 )
}
tracks/5/type = "bezier"
tracks/5/path = NodePath("truck:scale:y")
tracks/5/interp = 1
tracks/5/loop_wrap = true
tracks/5/imported = false
tracks/5/enabled = true
tracks/5/keys = {
"points": PoolRealArray( 0.5, -0.25, 0, 0.25, 0, 0, -0.25, 0, 0.25, 0 ),
"times": PoolRealArray( 3, 4 )
}
tracks/6/type = "bezier"
tracks/6/path = NodePath("truck:scale:z")
tracks/6/interp = 1
tracks/6/loop_wrap = true
tracks/6/imported = false
tracks/6/enabled = true
tracks/6/keys = {
"points": PoolRealArray( 0.5, -0.25, 0, 0.25, 0, 0, -0.25, 0, 0.25, 0 ),
"times": PoolRealArray( 3, 4 )
}
tracks/7/type = "bezier"
tracks/7/path = NodePath("door:scale:x")
tracks/7/interp = 1
tracks/7/loop_wrap = true
tracks/7/imported = false
tracks/7/enabled = true
tracks/7/keys = {
"points": PoolRealArray( 0.5, -0.25, 0, 0.25, 0, 0, -0.25, 0, 0.25, 0 ),
"times": PoolRealArray( 3, 4 )
}
tracks/8/type = "bezier"
tracks/8/path = NodePath("door:scale:y")
tracks/8/interp = 1
tracks/8/loop_wrap = true
tracks/8/imported = false
tracks/8/enabled = true
tracks/8/keys = {
"points": PoolRealArray( 0.5, -0.25, 0, 0.25, 0, 0, -0.25, 0, 0.25, 0 ),
"times": PoolRealArray( 3, 4 )
}
tracks/9/type = "bezier"
tracks/9/path = NodePath("door:scale:z")
tracks/9/interp = 1
tracks/9/loop_wrap = true
tracks/9/imported = false
tracks/9/enabled = true
tracks/9/keys = {
"points": PoolRealArray( 0.5, -0.25, 0, 0.25, 0, 0, -0.25, 0, 0.25, 0 ),
"times": PoolRealArray( 3, 4 )
}

[sub_resource type="Animation" id=13]
length = 0.001
tracks/0/type = "bezier"
tracks/0/path = NodePath("truck:translation:x")
tracks/0/interp = 1
tracks/0/loop_wrap = true
tracks/0/imported = false
tracks/0/enabled = true
tracks/0/keys = {
"points": PoolRealArray( -2.35, -0.25, 0, 0.25, 0 ),
"times": PoolRealArray( 0 )
}
tracks/1/type = "bezier"
tracks/1/path = NodePath("truck:translation:y")
tracks/1/interp = 1
tracks/1/loop_wrap = true
tracks/1/imported = false
tracks/1/enabled = true
tracks/1/keys = {
"points": PoolRealArray( -0.0455279, -0.25, 0, 0.25, 0 ),
"times": PoolRealArray( 0 )
}
tracks/2/type = "bezier"
tracks/2/path = NodePath("truck:translation:z")
tracks/2/interp = 1
tracks/2/loop_wrap = true
tracks/2/imported = false
tracks/2/enabled = true
tracks/2/keys = {
"points": PoolRealArray( -0.5, -0.25, 0, 0.25, 0 ),
"times": PoolRealArray( 0 )
}
tracks/3/type = "bezier"
tracks/3/path = NodePath("door:translation:x")
tracks/3/interp = 1
tracks/3/loop_wrap = true
tracks/3/imported = false
tracks/3/enabled = true
tracks/3/keys = {
"points": PoolRealArray( 0.65, -0.25, 0, 0.25, 0 ),
"times": PoolRealArray( 0 )
}
tracks/4/type = "bezier"
tracks/4/path = NodePath("door:translation:y")
tracks/4/interp = 1
tracks/4/loop_wrap = true
tracks/4/imported = false
tracks/4/enabled = true
tracks/4/keys = {
"points": PoolRealArray( 1.825, -0.25, 0, 0.25, 0 ),
"times": PoolRealArray( 0 )
}
tracks/5/type = "bezier"
tracks/5/path = NodePath("door:translation:z")
tracks/5/interp = 1
tracks/5/loop_wrap = true
tracks/5/imported = false
tracks/5/enabled = true
tracks/5/keys = {
"points": PoolRealArray( -0.5, -0.25, 0, 0.25, 0 ),
"times": PoolRealArray( 0 )
}
tracks/6/type = "bezier"
tracks/6/path = NodePath("door:rotation_degrees:x")
tracks/6/interp = 1
tracks/6/loop_wrap = true
tracks/6/imported = false
tracks/6/enabled = true
tracks/6/keys = {
"points": PoolRealArray( 0, -0.25, 0, 0.25, 0 ),
"times": PoolRealArray( 0 )
}
tracks/7/type = "bezier"
tracks/7/path = NodePath("door:rotation_degrees:y")
tracks/7/interp = 1
tracks/7/loop_wrap = true
tracks/7/imported = false
tracks/7/enabled = true
tracks/7/keys = {
"points": PoolRealArray( -180, -0.25, 0, 0.25, 0 ),
"times": PoolRealArray( 0 )
}
tracks/8/type = "bezier"
tracks/8/path = NodePath("door:rotation_degrees:z")
tracks/8/interp = 1
tracks/8/loop_wrap = true
tracks/8/imported = false
tracks/8/enabled = true
tracks/8/keys = {
"points": PoolRealArray( -90, -0.25, 0, 0.25, 0 ),
"times": PoolRealArray( 0 )
}
tracks/9/type = "bezier"
tracks/9/path = NodePath("truck:scale:x")
tracks/9/interp = 1
tracks/9/loop_wrap = true
tracks/9/imported = false
tracks/9/enabled = true
tracks/9/keys = {
"points": PoolRealArray( 0.5, -0.25, 0, 0.25, 0 ),
"times": PoolRealArray( 0 )
}
tracks/10/type = "bezier"
tracks/10/path = NodePath("truck:scale:y")
tracks/10/interp = 1
tracks/10/loop_wrap = true
tracks/10/imported = false
tracks/10/enabled = true
tracks/10/keys = {
"points": PoolRealArray( 0.5, -0.25, 0, 0.25, 0 ),
"times": PoolRealArray( 0 )
}
tracks/11/type = "bezier"
tracks/11/path = NodePath("truck:scale:z")
tracks/11/interp = 1
tracks/11/loop_wrap = true
tracks/11/imported = false
tracks/11/enabled = true
tracks/11/keys = {
"points": PoolRealArray( 0.5, -0.25, 0, 0.25, 0 ),
"times": PoolRealArray( 0 )
}
tracks/12/type = "bezier"
tracks/12/path = NodePath("door:scale:x")
tracks/12/interp = 1
tracks/12/loop_wrap = true
tracks/12/imported = false
tracks/12/enabled = true
tracks/12/keys = {
"points": PoolRealArray( 0.5, -0.25, 0, 0.25, 0 ),
"times": PoolRealArray( 0 )
}
tracks/13/type = "bezier"
tracks/13/path = NodePath("door:scale:y")
tracks/13/interp = 1
tracks/13/loop_wrap = true
tracks/13/imported = false
tracks/13/enabled = true
tracks/13/keys = {
"points": PoolRealArray( 0.5, -0.25, 0, 0.25, 0 ),
"times": PoolRealArray( 0 )
}
tracks/14/type = "bezier"
tracks/14/path = NodePath("door:scale:z")
tracks/14/interp = 1
tracks/14/loop_wrap = true
tracks/14/imported = false
tracks/14/enabled = true
tracks/14/keys = {
"points": PoolRealArray( 0.5, -0.25, 0, 0.25, 0 ),
"times": PoolRealArray( 0 )
}

[sub_resource type="QuadMesh" id=14]
size = Vector2( 4, 2 )

[sub_resource type="ViewportTexture" id=15]
viewport_path = NodePath("Viewport")

[sub_resource type="SpatialMaterial" id=16]
resource_local_to_scene = true
flags_transparent = true
params_billboard_mode = 1
albedo_texture = SubResource( 15 )

[node name="Truck" type="StaticBody"]
collision_layer = 3
collision_mask = 3
script = ExtResource( 1 )

[node name="CollisionShape" type="CollisionShape" parent="."]
transform = Transform( 1, 0, 0, 0, 1, 0, 0, 0, 1, -0.15, 1, -0.5 )
shape = SubResource( 6 )

[node name="AnimationPlayer" type="AnimationPlayer" parent="."]
anims/Depart = SubResource( 12 )
anims/RESET = SubResource( 13 )

[node name="AwayTimer" type="Timer" parent="."]
wait_time = 20.0
one_shot = true

[node name="WaitTimer" type="Timer" parent="."]
wait_time = 10.0
one_shot = true

[node name="Marker" parent="." instance=ExtResource( 2 )]
transform = Transform( 1, 0, 0, 0, 1, 0, 0, 0, 1, 0.753, 2.2, -0.5 )
visible = false

[node name="truck" parent="." instance=ExtResource( 3 )]
transform = Transform( -0.5, 0, -7.54979e-08, 0, 0.5, 0, 7.54979e-08, 0, -0.5, -2.35, -0.0455279, -0.5 )

[node name="door" parent="." instance=ExtResource( 4 )]
transform = Transform( 2.18557e-08, -0.5, 4.37114e-08, -0.5, -2.18557e-08, 0, 1.91069e-15, -4.37114e-08, -0.5, 0.65, 1.825, -0.5 )

[node name="Viewport" type="Viewport" parent="."]
size = Vector2( 600, 300 )
transparent_bg = true
render_target_v_flip = true

[node name="PanelContainer" type="PanelContainer" parent="Viewport"]
anchor_right = 1.0
anchor_bottom = 1.0
theme_type_variation = "InGamePanelContainer"

[node name="VBox" type="VBoxContainer" parent="Viewport/PanelContainer"]
margin_left = 16.0
margin_top = 16.0
margin_right = 584.0
margin_bottom = 284.0
size_flags_horizontal = 3
size_flags_vertical = 3
custom_constants/separation = 0

[node name="Action" type="Label" parent="Viewport/PanelContainer/VBox"]
unique_name_in_owner = true
margin_right = 568.0
margin_bottom = 108.0
theme_type_variation = "InGameLabelBig"
text = "Ready"
align = 1

[node name="Time" type="Label" parent="Viewport/PanelContainer/VBox"]
unique_name_in_owner = true
margin_top = 108.0
margin_right = 568.0
margin_bottom = 268.0
size_flags_horizontal = 3
size_flags_vertical = 3
theme_type_variation = "InGameLabelBig"
text = "--:--"
align = 1
valign = 1

[node name="TimerDisplay" type="MeshInstance" parent="."]
transform = Transform( 0.0687118, 0, 0.997637, 0, 1, 0, -0.997637, 0, 0.0687118, 0.483, 3.2, 0.131 )
mesh = SubResource( 14 )
material/0 = SubResource( 16 )

[node name="Error" parent="." instance=ExtResource( 5 )]
transform = Transform( 1, 0, 0, 0, 1, 0, 0, 0, 1, 1.738, 3.162, 0.386 )
visible = false
