[gd_scene load_steps=4 format=2]

[ext_resource path="res://components/setup/setup_player.tscn" type="PackedScene" id=2]
[ext_resource path="res://components/_root-scenes/setup.gd" type="Script" id=3]
[ext_resource path="res://assets/ui/mainmenu/mainmenu.png" type="Texture" id=4]

[node name="SetupScreen" type="Control"]
anchor_right = 1.0
anchor_bottom = 1.0
script = ExtResource( 3 )

[node name="TextureRect" type="TextureRect" parent="."]
anchor_right = 1.0
anchor_bottom = 1.0
size_flags_horizontal = 3
size_flags_vertical = 3
texture = ExtResource( 4 )
expand = true
stretch_mode = 7

[node name="MarginContainer" type="MarginContainer" parent="."]
anchor_right = 1.0
anchor_bottom = 1.0
custom_constants/margin_right = 64
custom_constants/margin_top = 64
custom_constants/margin_left = 64
custom_constants/margin_bottom = 64

[node name="Panel" type="PanelContainer" parent="MarginContainer"]
margin_left = 64.0
margin_top = 64.0
margin_right = 1856.0
margin_bottom = 1016.0

[node name="VBoxContainer" type="VBoxContainer" parent="MarginContainer/Panel"]
margin_left = 32.0
margin_top = 32.0
margin_right = 1760.0
margin_bottom = 920.0
custom_constants/separation = 64

[node name="GridContainer" type="GridContainer" parent="MarginContainer/Panel/VBoxContainer"]
margin_right = 1728.0
margin_bottom = 779.0
size_flags_horizontal = 3
size_flags_vertical = 3
custom_constants/vseparation = 32
custom_constants/hseparation = 32
columns = 3

[node name="SetupPlayer1" parent="MarginContainer/Panel/VBoxContainer/GridContainer" instance=ExtResource( 2 )]
anchor_right = 0.0
anchor_bottom = 0.0
margin_right = 555.0
margin_bottom = 374.0
size_flags_horizontal = 3
size_flags_vertical = 3

[node name="SetupPlayer2" parent="MarginContainer/Panel/VBoxContainer/GridContainer" instance=ExtResource( 2 )]
anchor_right = 0.0
anchor_bottom = 0.0
margin_left = 587.0
margin_right = 1142.0
margin_bottom = 374.0
size_flags_horizontal = 3
size_flags_vertical = 3
id = 1

[node name="SetupPlayer3" parent="MarginContainer/Panel/VBoxContainer/GridContainer" instance=ExtResource( 2 )]
anchor_right = 0.0
anchor_bottom = 0.0
margin_left = 1174.0
margin_right = 1728.0
margin_bottom = 374.0
size_flags_horizontal = 3
size_flags_vertical = 3
id = 2

[node name="SetupPlayer4" parent="MarginContainer/Panel/VBoxContainer/GridContainer" instance=ExtResource( 2 )]
anchor_right = 0.0
anchor_bottom = 0.0
margin_top = 406.0
margin_right = 555.0
margin_bottom = 779.0
size_flags_horizontal = 3
size_flags_vertical = 3
id = 3

[node name="SetupPlayer5" parent="MarginContainer/Panel/VBoxContainer/GridContainer" instance=ExtResource( 2 )]
anchor_right = 0.0
anchor_bottom = 0.0
margin_left = 587.0
margin_top = 406.0
margin_right = 1142.0
margin_bottom = 779.0
size_flags_horizontal = 3
size_flags_vertical = 3
id = 4

[node name="SetupPlayer6" parent="MarginContainer/Panel/VBoxContainer/GridContainer" instance=ExtResource( 2 )]
anchor_right = 0.0
anchor_bottom = 0.0
margin_left = 1174.0
margin_top = 406.0
margin_right = 1728.0
margin_bottom = 779.0
size_flags_horizontal = 3
size_flags_vertical = 3
id = 5

[node name="StartButton" type="Button" parent="MarginContainer/Panel/VBoxContainer"]
unique_name_in_owner = true
margin_top = 843.0
margin_right = 1728.0
margin_bottom = 888.0
text = "Lets get shipping!"
